%%% ====================================================================
%%%  BibTeX-file{
%%%     author          = "Gerry Murray",
%%%     version         = "1.2",
%%%     date            = "2 April 2012",
%%%     filename        = "acmsmall-sample-bibfile.bib",
%%%     address         = "ACM, NY",
%%%     email           = "murray at hq.acm.org",
%%%     codetable       = "ISO/ASCII",
%%%     keywords        = "ACM Reference Format, bibliography, citation, references",
%%%     supported       = "yes",
%%%     docstring       = "This BibTeX database file contains 'bibdata' entries
%%%                        that 'match' the examples provided in the Specifications Document
%%%                        AND, also, 'legacy'-type bibs. It should assist authors in 
%%%                        choosing the 'correct' at-bibtype and necessary bib-fields
%%%                        so as to obtain the appropriate ACM Reference Format output. 
%%%			   It also contains many 'Standard Abbreviations'. "
%%%  }
%%% ====================================================================

%Entries

@online{GHOctoverse,
	author = "GitHub",
	year = "2016",
	title = "The State of the Octoverse 2016",
	url = "https://octoverse.github.com/",
	lastaccessed = "September 21, 2017"
}

@online{MapBox,
	author = "Mapbox",
	year = "2017",
	title = "Mapbox",
	url = "https://www.mapbox.com/",
	lastaccessed = "September 21, 2017"
}

@online{GHAPI,
	author = "GitHub",
	year = "2017",
	title = "GitHub Developer",
	url = "https://developer.github.com/",
	lastaccessed = "September 22, 2017"
}

@inproceedings{Heller,
 author = {Heller, Brandon and Marschner, Eli and Rosenfeld, Evan and Heer, Jeffrey},
 title = {Visualizing Collaboration and Influence in the Open-source Software Community},
 booktitle = {Proceedings of the 8th Working Conference on Mining Software Repositories},
 series = {MSR '11},
 year = {2011},
 isbn = {978-1-4503-0574-7},
 location = {Waikiki, Honolulu, HI, USA},
 pages = {223--226},
 numpages = {4},
 url = {http://doi.acm.org/10.1145/1985441.1985476},
 doi = {10.1145/1985441.1985476},
 acmid = {1985476},
 publisher = {ACM},
 address = {New York, NY, USA},
 keywords = {collaboration, data exploration, geoscatter, github, mapping, open source, social graph, visualization},
} 


